@article{bobalcua2015loyal,
  title={THE LOYAL CUSTOMERS’PERCEPTION REGARDING THE ONLINE BUYING PROCESS},
  author={Bob{\^a}lc{\u{a}}, Claudia and others},
  journal={CES Working Papers},
  volume={7},
  number={2},
  pages={241--255},
  year={2015},
  publisher={Editura Universit{\u{a}}{\c{t}}ii{\guillemotright} Alexandru Ioan Cuza {\guillemotleft}din Ia{\c{s}}i}
}
@misc{london_economics_2011, title={Consumer Behaviour in a Digital Environment}, url={https://londoneconomics.co.uk/blog/publication/consumer-behaviour-in-a-digital-environment/}, journal={London Economics}, year={2011}}

@article{duralia2016particularities,
	title={Particularities of the European consumer’s behavior in online environments},
	author={Duralia, Oana},
	journal={Studies in Business and Economics},
	volume={11},
	number={3},
	pages={21--29},
	year={2016},
	publisher={Sciendo}
}
@article{devderea2018consumer,
	title={Consumer behavior towards apparel e-commerce in Romania},
	author={Devderea, Ciprian},
	year={2018}
}
@book{armstrong2014principles,
	title={Principles of marketing},
	author={Armstrong, Gary and Adam, Stewart and Denize, Sara and Kotler, Philip},
	year={2014},
	publisher={Pearson Australia}
}
@article{orzan2014study,
	title={A STUDY OF ONLINE USER’S BEHAVIOUR TOWARDS FACEBOOK SOCIAL NETWORK},
	author={Orzan, Gheorghe and Boboc, Andreea-Larisa and Burghelea, Ioana and Stupu, Luana Diana and others},
	journal={Annales Universitatis Apulensis Series Oeconomica},
	volume={16},
	number={2},
	pages={252--262},
	year={2014},
	publisher={Faculty of Sciences," 1 Decembrie 1918" University, Alba Iulia}
}
@article{obradattitudes,
	title={ATTITUDES TOWARDS ONLINE COMMERCE: A CASE STUDY OF STUDENT POPULATION IN TIMIȘOARA},
	author={OBRAD, Ciprian and GHERHEȘ, Vasile}
}
@misc{sava_2020, title={Romania: online shopping frequency 2020}, url={https://www.statista.com/statistics/1169383/romania-online-shopping-frequency/}, journal={Statista}, author={Sava, Justina Alexandra}, year={2020}, month={Sep}}

@article{bighiu2015compulsive,
	title={Compulsive buying behavior on the internet},
	author={Bighiu, Georgiana and Manolic{\u{a}}, Adriana and Roman, Cristina Teodora},
	journal={Procedia Economics and Finance},
	volume={20},
	pages={72--79},
	year={2015},
	publisher={Elsevier}
}
@misc{gorunescu_2020, title={eCommerce în timpul COVID-19: Ce impact resimte piața din România? % %}, url={https://www.champaigns.ro/blog/ecommerce-in-timpul-covid-19-impact-resimtit-in-romania/}, journal={Blog.Champaigns}, author={Gorunescu, Claudia}, year={2020}, month={Apr}}

@misc{orangehelp, title={X, Y, Z sau diferența între generații: Articole}, url={https://www.orange.ro/help/articole/x-y-z-sau-diferenta-intre-generatii}, journal={Orange Help}}

@misc{wall_2019, title={Millennials si generatia Z vor dicta comportamentul de consum in 2020}, url={https://www.wall-street.ro/articol/Companii/219180/generatiile-millennials-si-z-vor-dicta-comportamentul-de-consum-in-2020.html}, journal={Wall}, year={2019}, month={Sep}}

@misc{ruxandra_andrei_2020, title={Magazin online vs. Magazin clasic. Diferente. Avantaje si Dezavantaje}, url={https://gefex.ro/blog/magazin-online-vs-magazin-clasic-diferente-avantaje-si-dezavantaje/}, journal={Gefex}, publisher={ruxandra https://gefex.ro/wp-content/uploads/2018/08/str_gefex_vectorized.png}, author={Ruxandra and Andrei}, year={2020}, month={Sep}}

@misc{sandulescusandulescu2020, title={Generația Z versus Generația Y. Ce îi unește și ce îi diferențiază?}, url={https://www.revistabiz.ro/generatia-z-versus-generatia-y-ce-ii-uneste-si-ce-ii-diferentiaza/amp/}, journal={Revista Biz}, author={Săndulescu, Loredana and Săndulescu:, Loredana}, year={2020}, month={Aug}}

@article{anastasiei_dospinescu_2019, title={Electronic Word-of-Mouth for Online Retailers: Predictors of Volume and Valence}, volume={11}, DOI={10.3390/su11030814}, number={3}, journal={Sustainability}, author={Anastasiei, Bogdan and Dospinescu, Nicoleta}, year={2019}}

@article{dobre2015personality,
	title={Personality influences on online stores customers behavior},
	author={Dobre, Costinel and Milovan-Ciuta, Anca-Maria},
	journal={Ecoforum Journal},
	volume={4},
	number={1},
	pages={9},
	year={2015}
}
@article{dumitrescu2015understanding,
	title={Understanding the online consumer behaviour and the usage of the internet as a business environment--a marketing research},
	author={Dumitrescu, Luigi and Orzan, Gheorghe and Fuciu, Mircea},
	journal={Revista Economic{\u{a}}},
	volume={67},
	number={3},
	pages={63--79},
	year={2015}
}
@article{cetinua2018modelling,
	title={MODELLING THE INFLUENCES OF ONLINE SOCIAL NETWORKS ON CONSUMERS'BUYING BEHAVIOUR.},
	author={CETIN{\u{A}}, Iuliana and Dumitrescu, Luigi and Fuciu, Mircea and Orzan, Gheorghe and Stoicescu, Cristina},
	journal={Economic Computation \& Economic Cybernetics Studies \& Research},
	volume={52},
	number={2},
	year={2018}
}
@book{babin_harris_2016, place={Stamford}, title={CB: consumer behavior}, publisher={Cengage Learning}, author={Babin, Barry J. and Harris, Eric G.}, year={2016}}

@misc{usda foreign agricultural service_2021, title={Romania: COVID-19 Transforms Romanian Retail and Food Service Sectors}, url={https://www.fas.usda.gov/data/romania-covid-19-transforms-romanian-retail-and-food-service-sectors}, journal={USDA Foreign Agricultural Service}, year={2021}, month={Jun}}

@article{mihaela2019business,
	title={Business-To-Consumer E-Commerce In Romania--Evolution And Trends},
	author={Mihaela, {\c{S}}TIR and others},
	journal={Network Intelligence Studies},
	volume={7},
	number={14},
	pages={127--134},
	year={2019},
	publisher={Fundatia Rom{\^a}n{\u{a}} pentru Inteligenta Afacerii}
}
@book{csandor2013metode,
	title={Metode {\c{s}}i tehnici de cercetare {\^\i}n {\c{s}}tiin{\c{t}}ele sociale},
	author={{\c{S}}andor, Sorin Dan},
	year={2013},
	publisher={Tritonic}
}
@article{fuciu2019usage,
	title={USAGE OF THE ONLINE BY THE YOUNG INDIVIDUALS AND YOUNG ADULTS. A CASE STUDY OF THE ROMANIAN INTERNET USAGE},
	author={Fuciu, Mircea and Dumitrescu, Luigi},
	journal={Annales Universitatis Apulensis Series Oeconomica},
	volume={21},
	number={1},
	pages={40--48},
	year={2019}
}
@article{onete2016analysis,
	title={Analysis Componentsof the Digital Consumer Behavior in Romania},
	author={Onete, Cristian Bogdan and Teodorescu, Ioanal and Vasile, Viorel},
	journal={Amfiteatru Economic Journal},
	volume={18},
	number={43},
	pages={654--662},
	year={2016},
	publisher={Bucharest: The Bucharest University of Economic Studies}
}