@article{morgeson2010leadership,
  title={Leadership in teams: A functional approach to understanding leadership structures and processes},
  author={Morgeson, Frederick P and DeRue, D Scott and Karam, Elizabeth P},
  journal={Journal of management},
  volume={36},
  number={1},
  pages={5--39},
  year={2010},
  publisher={Sage Publications Sage CA: Los Angeles, CA}
}